<?xml version="1.0" encoding="UTF-8"?><collection xmlns="http://www.loc.gov/MARC21/slim"><record><leader>00358nam--2200133-i-4500</leader><controlfield tag="001">000034957</controlfield><controlfield tag="002">20161230</controlfield><controlfield tag="005">20161230201040</controlfield><controlfield tag="008">060222s1000------------r-----000-0-eng-d</controlfield><datafield ind1=" " ind2=" " tag="080"><subfield code="a">548.7</subfield></datafield><datafield ind1=" " ind2=" " tag="100"><subfield code="a">Narasimhamurty, T.S</subfield></datafield><datafield ind1=" " ind2=" " tag="245"><subfield code="a">Photoelastic and electro-optic  properties of crystals</subfield></datafield><datafield ind1=" " ind2=" " tag="260"><subfield code="a">New York, Plenum Press, 1981. Xxix + 514p</subfield></datafield><datafield ind1=" " ind2=" " tag="852"><subfield code="a">77563</subfield></datafield></record></collection>